@book{SiteDaDisciplinaCC,
  author={Rodrigo Santos},
  year={2015},
  publisher={Graduação em CC},
  title={Site da disciplina de CC},    
  url={http://cin.ufpe.br/~et586cc/},
}

@book{SiteDaDisciplinaEC,
  author={Marcilia Andrade Campos},
  year={2018},
  publisher={Graduação em EC},
  title={Site da disciplina de EC},    
  url={http://cin.ufpe.br/~et586/},
}

@book{ManualDeSobrevivenciaPet,
  author={Pet Informática},
  year={2018},
  publisher={petlib},
  title={Manual de Sobrevivencia do Pet},    
  url={https://drive.google.com/file/d/1w42WXNxE7-isyxGnmlYM-TuunaY_ssdk/view},
}

@book{PerfilCurricularCC,
  author={Pet Informática},
  year={2018},
  publisher={petlib},
  title={Perfil Curricular CC},    
  url={https://www.ufpe.br/documents/38970/411209/ciencia_computacao_perfil_2002.pdf/09862676-8330-4642-af94-6ec9e8607a62},
}
@book{Fonteimagem,
  author={Henique Sakane},
  year={2018},
  publisher={Carva photos},
  title={Fonteimagem},    
  url={https://www.canva.com/photos/business-finance/MADGyemdGh4-blue-click-pen-near-white-document-papers-on-top-of-brown-wooden-table/?query=business},
}



