@book{ref1,
title = {Site da disciplina - objetivos},
author = {Infra-Estrutura de Hardware - IF674},
year= {2014},
publisher={http://www.cin.ufpe.br/~if674/Objetivo.html},
}
@book{ref2,
title = {Computer Organization and Design},
author= {David Patterson e John Hennessy},
year={1999},
publisher={Morgan Kaufmann Publishers},
}
@book{ref3,
title={Site da disciplina - Cursos},
author = {Infra-Estrutura de Hardware - IF674},
year ={2014},
publisher = {http://www.cin.ufpe.br/~if674/Curso.html},
}@book{ref4,
title={Perfil curricular,2002-1, Ciência da computação},
author = {PRO-REITORIA PARA ASSUNTOS ACADEMICOS}
year={2013},
}


