@book{cinwikiif690,
  title={CInWiki - IF690},
  author={Público},
  note={\url{https://www.cin.ufpe.br/~pet/wiki/Hist%C3%B3ria_e_Futuro_da_Computa%C3%A7%C3%A3o}},
  year={2017 (Última atualização)},
  month={Outubro}
}
@book{cinwikiif668,
  title={CInWiki - IF668},
  author={Público},
  note={\url{https://cin.ufpe.br/~pet/wiki/Introdu%C3%A7%C3%A3o_a_Computa%C3%A7%C3%A3o}},
  year={2018 (Última atualização)},
  month={Fevereiro}
}
@book{cinwikiif679,
  title={CInWiki - IF679},
  author={Público},
  note={\url{https://cin.ufpe.br/~pet/wiki/Inform%C3%A1tica_e_Sociedade}},
  year={2017 (Última atualização)},
  month={Outubro}
}  
@book{figura,
  title={Imagem Utilizada},
  author={SysTweak (Adaptada)},
  note={\url{https://static.todamateria.com.br/upload/56/13/5613f67821641-historia-e-evolucao-dos-computadores.jpg}},
  year={2017},
  month={Agosto}
} 
@book{cingradif690,
  title={Site do CIn da Disciplina IF690},
  note={\url{http://www.cin.ufpe.br/~graduacao/reforma/p_historia_futuro.html}},
  author={Pró-Reitoria da UFPE}
}  
@book{hdccleuzio,
  title={História da Computação: teoria e tecnologia},
  author={Cléuzio Fonseca Filho},
  note={\url{https://books.google.com.br/books/about/Hist%C3%B3ria_da_computa%C3%A7%C3%A3o.html?id=xRUhygAACAAJ&redir_esc=y}},
  year={1999}
}
@book{ssrthomas,
  title={The Structure of Scientific Revolutions},
  author={Thomas S. Kuhn},
  note={\url{https://books.google.com.br/books/about/The_Structure_of_Scientific_Revolutions.html?id=3eP5Y_OOuzwC&redir_esc=y}},
  year={1962}
}  
