@misc{intro, 
title ={slides da cadeira "Sistemas Inteligentes"},
url= {http://cin.ufpe.br/~if684/},
author = {Cléber Zanchettin e Sérgio Queiroz}
}

@misc{imagem, 
title ={IoT: receitas de sistemas inteligentes superiores a 2.2 biliões de dólares em 2020},
url= {https://www.itchannel.pt/img/uploads/660x378_dbd7e7c20e086dcd47e9a4f8c2f0037a.jpg},
author = {www.itchannel.pt}
}

@book{BibliografiadeSistemasInteligentes2,
  title={Redes Neurais Artificiais - Teoria e Aplicações},
  author={Braga, A., Carvalho, A. e Ludermir, T.},
  url={https://www.amazon.com.br/Redes-Neurais-Artificiais-Teoria-Aplica%C3%A7%C3%B5es/dp/8521615647
  },
  year={2007},
  publisher={LTC}
}

@book{BibliografiadeSistemasInteligentes1,
  title={Machine Learning},
  author={Mitchell, T},
  url={http://www.cin.ufpe.br/~cavmj/Machine%20-%20Learning%20-%20Tom%20Mitchell.pdf
  },
  year={1997},
  publisher={McGraw-Hill}
}