@book{r1,
  title={Slide de Modelos de Recuperação de Documento},
  author={Flávia Barros},
  isbn={9781417642595},
  url={http://cin.ufpe.br/~if796/2017-2/},
  year={2017},
  publisher={CIn UFPE}
}
@book{r2,
  title={Slide de introdução Mineração na Web},
  author={Flávia Barros},
  isbn={9781417642595},
  url={http://cin.ufpe.br/~if796/2017-2/},
  year={2017},
  publisher={CIn UFPE}
}
@book{r3,
  title={Slide de Consultas - Linguagens e Operações},
  author={Flávia Barros},
  isbn={9781417642595},
  url={http://cin.ufpe.br/~if796/2017-2/},
  year={2017},
  publisher={CIn UFPE}
}
@book{r4,
  title={Imagem sobre mineração},
  author={Flávia Barros},
  isbn={9781417642595},
  url={https://imgur.com/LE7r3b9},
  year={2017},
  publisher={CIn UFPE}
}