@misc{intro, 
title ={site da cadeira "Sistemas Digitais"},
url= {http://www.cin.ufpe.br/~if675/},
author = {Manoel Eusebio de Lima}
}

@misc{imagem, 
title ={Dispositivo de lógica porgramável},
url= {https://encrypted-tbn0.gstatic.com/images?q=tbn:ANd9GcR2hxvZ1QqemDJMOucK-du6hcdRVXVqqHF8lPzT-_LOhu0DoeD9},
author = {Prof. Dr. Marcelo A. C. Vieira}
}
@misc{infra, 
title ={Relação com infra-estrutura de hardware, em aulas 01 e 05},
url= {http://www.cin.ufpe.br/~if675/},
author = {Manoel Eusebio de Lima}
}
@misc{relevancia, 
title ={Relevancia da cadeira. Podemos ver alguns projetos que podem ser feitos, na aba projetos},
url= {http://www.cin.ufpe.br/~if675/},
author = {Manoel Eusebio de Lima}
}

@misc{importancia, 
title ={Importância da Sistemas Digitais},
url= {http://ticnologia.pt/revisoes/25/livro-sistemas-digitais-principios-e-pratica-da-fca.html},
author = {http://ticnologia.pt/revisoes/25/livro-sistemas-digitais-principios-e-pratica-da-fca.html}
}

@misc{IF674, 
title ={site da cadeira "Infra Estrutura de Hardware"},
url= {https://sites.google.com/a/cin.ufpe.br/if674cc/objetivo},
author = {Adriano Augusto de Moraes Sarmento}
}

@misc{IF669, 
title ={site da cadeira introdução à programação},
url= {https://sites.google.com/a/cin.ufpe.br/if669/aulas},
author = {Sérgio Soares}
}