@misc{log,
 author = {CIN},
 title = {IF673 - Lógica para Computação},
 year = 1997,
 ACCESSED  = "2019 " # may # " 01",
url={"http://www.cin.ufpe.br/~if673/1-2019/"},
  
}

@book{livro1,
 title = {Logic and structure},
 Author = {Dirk van Dalen},
 year={1980},
 url={http://www.cin.ufpe.br/~mlogica/livros/Logic%20and%20Structure%20-%20Van%20Dalen.pdf
       },
 publisher = {online}      
       }
       
@misc{matematica,
 author = {CIN},
 title = {IF670 - Matemática Discreta},
 website = {\url{http://www.cin.ufpe.br/~if670/}},
 ACCESSED  = "2019 " # may # " 01",
  
}    
@misc{eng,
 AUTHOR    = "PET- CIN",
 TITLE     = "IF682 - Engenharia de Software e Sistemas",
 ACCESSED  = "2019 " # may # " 01",
 url={https://pet.cin.ufpe.br/wiki/Engenharia_de_Software_e_Sistemas},
 
 }
    
   
